%% This BibTeX bibliography file was created using BibDesk.
%% http://bibdesk.sourceforge.net/

%% Created for Neil Taylor at 2019-04-17 14:08:38 +0100 


%% Saved with string encoding Unicode (UTF-8) 


@string{aij = {Artificial Intelligence}}

@book{dynamicMonitoring2022,
    title = {Dynamic monitoring of urban planning based on image data fusion in multi-source remote sensing},
    year = {2022},
    publisher = {CRC Press eBooks},
    pages = {494-502},
    doi = {10.1201/9781003308584-70}
}

@article{urbanEcology2022,
    title = {Monitoring of urban ecological environment including air quality using satellite imagery},
    author = {Yuan Wang and Guoyin Cai and Liuzhong Yang and Ning Zhang and Mingyi Du},
    journal = {PLOS ONE},
    year = {2022},
    volume = {17},
    pages = {e0266759},
    number = {8},
    doi = {10.1371/journal.pone.0266759}
}

@article{vijayalakshmi2022performance,
    title={Performance Analysis of Vegetation Area Classifications in Satellite Images Using Machine and Deep Learning Approaches},
    author={S. R. Vijayalakshmi and S. Magesh Kumar},
    year={2022},
    pages={1--6},
    doi={10.1109/ICDSIS55133.2022.9915859},
}

@article{ahadflooddtec2022,
    title={ Flood Detection in Urban Areas Using Satellite Imagery and Machine Learning },
    authors={ Ahad Hasan Tanim and Callum Blake McRae and Hassan Tavakol-Davani and Erfan Goharian },
    journal={ Water },
    year={ 2022 },
    volume={ 14 },
    pages={ 1140-1140 },
    number={ 7 },
    doi={ 10.3390/w14071140 },
}

@article{ k-textFabian2022,
    title={ K-textures, a self-supervised hard clustering deep learning algorithm for satellite image segmentation },
    authors={ Fabian Wagner and Ricardo Dalagnol and Alber H. S'anchez and Mayumi C. M. Hirye and Samuel Favrichon and Jake Lee and Steffen Mauceri and Yan Yang and Sassan Saatchi },
    journal={ Frontiers in Environmental Science },
    year={ 2022 },
    volume={ 10 },
    doi={ 10.3389/fenvs.2022.946729 },
}

@article{ mlrasha2023,
    title={ Machine Learning-Based Land Use and Land Cover Mapping Using Multi-Spectral Satellite Imagery: A Case Study in Egypt },
    authors={ Rasha Mohammed Badry },
    journal={ Sustainability },
    year={ 2023 },
    volume={ 15 },
    pages={ 9467-9467 },
    number={ 12 },
    doi={ 10.3390/su15129467 },
}
@article{planttext.com,
    author = {arwen vaughan},
    title = {the expert's designtools},
    date = {30th April},
    url = {planttext.com},
}

@article{coperni,
    author = {Sentinal 2A},
    title = {Data Source},
    date = {25th April},
    url = {https://dataspace.copernicus.eu/browser/},
}

@article{ semanticManami2019,
    title={ Semantic Segmentation using K-means Clustering and Deep Learning in Satellite Image },
    authors={ Manami Barthakur and Kandarpa Kumar Sarma },
    year={ 2019 },
    publisher={ IEEE },
    volume={ 2019 },
    pages={ 192-196 },
    doi={ 10.1109/IESPC.2019.8902391 },
}

@misc{urbanGreenEye2023,
    title = {Monitoring Urban Areas for Climate Change Adaptation Using Remotely Sensed Indicators in the UrbanGreenEye Project},
    author = {Mohamed Hefny Salim},
    year = {2023},
    doi = {10.5194/egusphere-egu23-15135}
}

@phdthesis{softwareProject2018,
    title = {A comparison of software project architectures: agile, waterfall, spiral, and set-based},
    author = {Christian J. West},
    year = {2018},
    school = {Massachusetts Institute of Technology}
}

@article{sustainableUrban2023,
    title = {Application of Remote Sensing Technology in Sustainable Urban Planning and Development},
    author = {Tianbo Xiong},
    journal = {Applied and Computational Engineering},
    year = {2023},
    volume = {3},
    pages = {283-288},
    number = {1},
    doi = {10.54254/2755-2721/3/20230475}
}

@article{softwareTesting2022,
    title = {A new approach to event- and model-based feature-driven software testing and comparison with similar approaches},
    author = {Fevzi Belli and Tugkan Tuglular and Ekincan Ufuktepe},
    journal = {International advanced researches and engineering journal},
    year = {2022},
    doi = {10.35860/iarej.1135989}
}

@article{studentResults2022,
    title = {Performance evaluation student result using k-means clustering},
    author = {Keshinro Kazeem Kolawole and Balogun Wasiu Adebayo},
    journal = {International journal of communication and information technology},
    year = {2022},
    volume = {3},
    pages = {01-05},
    number = {1},
    doi = {10.33545/2707661x.2022.v3.i1a.35}
}

@article{unevenClusters2022,
    title = {A Distance Metric for Uneven Clusters of Unsupervised K-Means Clustering Algorithm},
    journal = {IEEE Access},
    year = {2022},
    volume = {10},
    pages = {86286-86297},
    doi = {10.1109/access.2022.3198992}
}

@article{simplifiedFDD2017,
    title = {Simplified FDD Process Model},
    author = {Zahid Nawaz and Shabib Aftab and Faiza Anwer},
    journal = {International Journal of Modern Education and Computer Science},
    year = {2017},
    volume = {9},
    pages = {53-59},
    number = {9},
    doi = {10.5815/IJMECS.2017.09.06}
}

@article{mishra2022evaluative,
    title={An Evaluative Measure of Clustering Methods Incorporating Hyperparameter Sensitivity},
    author={Siddharth Deepak Mishra and Nicholas Monath and Michael Boratko and Ari Kobren and Andrew McCallum},
    journal={Proceedings of the ... AAAI Conference on Artificial Intelligence},
    year={2022},
    volume={36},
    pages={7788--7796},
    number={7},
    doi={10.1609/aaai.v36i7.20747},
}



